@book{Henrici,
  author    = "Charles Lutwidge Dodgson",
  title     = "Euclid and his Modern Rivals",
  year      = "1885",
  publisher = "Horace Hart",
  address   = "Oxford"
}

@book{Euclid,
  author    = "John Casey",
  title     = "The First Six Books of the Elements of Euclid",
  year      = "1885",
  publisher = "Hodges, Figgis, and Co.; Longmans, Green, and Co.",
  address   = "Dublin"  
}

@book{Heath,
  author    = "Sir Thomas L. Heath",
  title     = "The Thirteen Books of Euclid's Elements",
  year      = "1956",
  publisher = "Dover Publications",
  address   = "New York"
}

@book{Hunter,
  author    = "Isaac Todhunter",
  title     = "The Elements of Euclid for the Use of Schools and Colleges",
  year      = "1872",
  publisher = "Macmillan",
  address   = "London"  % Assuming London, please correct if different.
}

@book{Proclus,
  author    = "Thomas Taylor",
  title     = "Proclus's Commentary on the First Book of Euclid's Elements",
  year      = "1792",
  publisher = "Princeton University Press",
  address   = "Princeton"
}

@book{Hlbert,
  author    = "David Hlbert",
  title     = "The Foundations of Geometry",
  year      = "1910",
  publisher = "The Open Court Publishing Co.",
  address   = "Chicago"  % Assuming Chicago, please correct if different.
}

@incollection{Curry,
  author    = "Haskell B. Curry",
  title     = "Remarks on the Definition and Nature of Mathematics",
  booktitle = "Philosophy of Mathematics, Selected Readings",
  editor    = "Paul Benacerraf and Hilary Putnam",
  year      = "1983",
  pages     = "202-206"
}

@incollection{Proclus1,
  author    = "Proclus",
  title     = "Euclid's Elements",
  booktitle = "The histor of mathematics",
  editor    = "John Fauvel and Jeremy Gray",
  year      = "1987",
  pages     = "99-147"
}

@book{Playfair,
  author    = "John Playfair",
  title     = "Geometry: First six books of Euclid",
  year      = "1840",
  publisher = "W.E.Dean, Printer and publisher",
  address   = "2 Ann street"
}